%YAML 1.1
%TAG !u! tag:unity3d.com,2011:
--- !u!29 &1
OcclusionCullingSettings:
  m_ObjectHideFlags: 0
  serializedVersion: 2
  m_OcclusionBakeSettings:
    smallestOccluder: 5
    smallestHole: 0.25
    backfaceThreshold: 100
  m_SceneGUID: 00000000000000000000000000000000
  m_OcclusionCullingData: {fileID: 0}
--- !u!104 &2
RenderSettings:
  m_ObjectHideFlags: 0
  serializedVersion: 9
  m_Fog: 0
  m_FogColor: {r: 0.5, g: 0.5, b: 0.5, a: 1}
  m_FogMode: 3
  m_FogDensity: 0.01
  m_LinearFogStart: 0
  m_LinearFogEnd: 300
  m_AmbientSkyColor: {r: 0.212, g: 0.227, b: 0.259, a: 1}
  m_AmbientEquatorColor: {r: 0.114, g: 0.125, b: 0.133, a: 1}
  m_AmbientGroundColor: {r: 0.047, g: 0.043, b: 0.035, a: 1}
  m_AmbientIntensity: 1
  m_AmbientMode: 3
  m_SubtractiveShadowColor: {r: 0.42, g: 0.478, b: 0.627, a: 1}
  m_SkyboxMaterial: {fileID: 0}
  m_HaloStrength: 0.5
  m_FlareStrength: 1
  m_FlareFadeSpeed: 3
  m_HaloTexture: {fileID: 0}
  m_SpotCookie: {fileID: 10001, guid: 0000000000000000e000000000000000, type: 0}
  m_DefaultReflectionMode: 0
  m_DefaultReflectionResolution: 128
  m_ReflectionBounces: 1
  m_ReflectionIntensity: 1
  m_CustomReflection: {fileID: 0}
  m_Sun: {fileID: 0}
  m_IndirectSpecularColor: {r: 0, g: 0, b: 0, a: 1}
  m_UseRadianceAmbientProbe: 0
--- !u!157 &3
LightmapSettings:
  m_ObjectHideFlags: 0
  serializedVersion: 11
  m_GIWorkflowMode: 1
  m_GISettings:
    serializedVersion: 2
    m_BounceScale: 1
    m_IndirectOutputScale: 1
    m_AlbedoBoost: 1
    m_EnvironmentLightingMode: 0
    m_EnableBakedLightmaps: 0
    m_EnableRealtimeLightmaps: 0
  m_LightmapEditorSettings:
    serializedVersion: 12
    m_Resolution: 2
    m_BakeResolution: 40
    m_AtlasSize: 1024
    m_AO: 0
    m_AOMaxDistance: 1
    m_CompAOExponent: 1
    m_CompAOExponentDirect: 0
    m_ExtractAmbientOcclusion: 0
    m_Padding: 2
    m_LightmapParameters: {fileID: 0}
    m_LightmapsBakeMode: 1
    m_TextureCompression: 1
    m_FinalGather: 0
    m_FinalGatherFiltering: 1
    m_FinalGatherRayCount: 256
    m_ReflectionCompression: 2
    m_MixedBakeMode: 2
    m_BakeBackend: 1
    m_PVRSampling: 1
    m_PVRDirectSampleCount: 32
    m_PVRSampleCount: 512
    m_PVRBounces: 2
    m_PVREnvironmentSampleCount: 256
    m_PVREnvironmentReferencePointCount: 2048
    m_PVRFilteringMode: 1
    m_PVRDenoiserTypeDirect: 1
    m_PVRDenoiserTypeIndirect: 1
    m_PVRDenoiserTypeAO: 1
    m_PVRFilterTypeDirect: 0
    m_PVRFilterTypeIndirect: 0
    m_PVRFilterTypeAO: 0
    m_PVREnvironmentMIS: 1
    m_PVRCulling: 1
    m_PVRFilteringGaussRadiusDirect: 1
    m_PVRFilteringGaussRadiusIndirect: 5
    m_PVRFilteringGaussRadiusAO: 2
    m_PVRFilteringAtrousPositionSigmaDirect: 0.5
    m_PVRFilteringAtrousPositionSigmaIndirect: 2
    m_PVRFilteringAtrousPositionSigmaAO: 1
    m_ExportTrainingData: 0
    m_TrainingDataDestination: TrainingData
    m_LightProbeSampleCountMultiplier: 4
  m_LightingDataAsset: {fileID: 0}
  m_UseShadowmask: 1
--- !u!196 &4
NavMeshSettings:
  serializedVersion: 2
  m_ObjectHideFlags: 0
  m_BuildSettings:
    serializedVersion: 2
    agentTypeID: 0
    agentRadius: 0.5
    agentHeight: 2
    agentSlope: 45
    agentClimb: 0.4
    ledgeDropHeight: 0
    maxJumpAcrossDistance: 0
    minRegionArea: 2
    manualCellSize: 0
    cellSize: 0.16666667
    manualTileSize: 0
    tileSize: 256
    accuratePlacement: 0
    debug:
      m_Flags: 0
  m_NavMeshData: {fileID: 0}
--- !u!1 &48303989
GameObject:
  m_ObjectHideFlags: 0
  m_CorrespondingSourceObject: {fileID: 0}
  m_PrefabInstance: {fileID: 0}
  m_PrefabAsset: {fileID: 0}
  serializedVersion: 6
  m_Component:
  - component: {fileID: 48303992}
  - component: {fileID: 48303991}
  - component: {fileID: 48303990}
  m_Layer: 0
  m_Name: EventSystem
  m_TagString: Untagged
  m_Icon: {fileID: 0}
  m_NavMeshLayer: 0
  m_StaticEditorFlags: 0
  m_IsActive: 1
--- !u!114 &48303990
MonoBehaviour:
  m_ObjectHideFlags: 0
  m_CorrespondingSourceObject: {fileID: 0}
  m_PrefabInstance: {fileID: 0}
  m_PrefabAsset: {fileID: 0}
  m_GameObject: {fileID: 48303989}
  m_Enabled: 1
  m_EditorHideFlags: 0
  m_Script: {fileID: 11500000, guid: 4f231c4fb786f3946a6b90b886c48677, type: 3}
  m_Name: 
  m_EditorClassIdentifier: 
  m_HorizontalAxis: Horizontal
  m_VerticalAxis: Vertical
  m_SubmitButton: Submit
  m_CancelButton: Cancel
  m_InputActionsPerSecond: 10
  m_RepeatDelay: 0.5
  m_ForceModuleActive: 0
--- !u!114 &48303991
MonoBehaviour:
  m_ObjectHideFlags: 0
  m_CorrespondingSourceObject: {fileID: 0}
  m_PrefabInstance: {fileID: 0}
  m_PrefabAsset: {fileID: 0}
  m_GameObject: {fileID: 48303989}
  m_Enabled: 1
  m_EditorHideFlags: 0
  m_Script: {fileID: 11500000, guid: 76c392e42b5098c458856cdf6ecaaaa1, type: 3}
  m_Name: 
  m_EditorClassIdentifier: 
  m_FirstSelected: {fileID: 0}
  m_sendNavigationEvents: 1
  m_DragThreshold: 10
--- !u!4 &48303992
Transform:
  m_ObjectHideFlags: 0
  m_CorrespondingSourceObject: {fileID: 0}
  m_PrefabInstance: {fileID: 0}
  m_PrefabAsset: {fileID: 0}
  m_GameObject: {fileID: 48303989}
  m_LocalRotation: {x: 0, y: 0, z: 0, w: 1}
  m_LocalPosition: {x: 0, y: 0, z: 0}
  m_LocalScale: {x: 1, y: 1, z: 1}
  m_Children: []
  m_Father: {fileID: 0}
  m_RootOrder: 3
  m_LocalEulerAnglesHint: {x: 0, y: 0, z: 0}
--- !u!224 &113015754 stripped
RectTransform:
  m_CorrespondingSourceObject: {fileID: 2611938147379766124, guid: 74465b414fefd814589cdfd0fe39a07c,
    type: 3}
  m_PrefabInstance: {fileID: 1230748547}
  m_PrefabAsset: {fileID: 0}
--- !u!1 &255973047
GameObject:
  m_ObjectHideFlags: 0
  m_CorrespondingSourceObject: {fileID: 0}
  m_PrefabInstance: {fileID: 0}
  m_PrefabAsset: {fileID: 0}
  serializedVersion: 6
  m_Component:
  - component: {fileID: 255973050}
  - component: {fileID: 255973049}
  - component: {fileID: 255973048}
  m_Layer: 0
  m_Name: SoundsManager
  m_TagString: Untagged
  m_Icon: {fileID: 0}
  m_NavMeshLayer: 0
  m_StaticEditorFlags: 0
  m_IsActive: 1
--- !u!114 &255973048
MonoBehaviour:
  m_ObjectHideFlags: 0
  m_CorrespondingSourceObject: {fileID: 0}
  m_PrefabInstance: {fileID: 0}
  m_PrefabAsset: {fileID: 0}
  m_GameObject: {fileID: 255973047}
  m_Enabled: 1
  m_EditorHideFlags: 0
  m_Script: {fileID: 11500000, guid: 7ea16fe74d2f5a949a0f0e20abaa7351, type: 3}
  m_Name: 
  m_EditorClassIdentifier: 
  clickSound: {fileID: 8300000, guid: 347ec29abb357a64a911e44a44526ebf, type: 3}
--- !u!82 &255973049
AudioSource:
  m_ObjectHideFlags: 0
  m_CorrespondingSourceObject: {fileID: 0}
  m_PrefabInstance: {fileID: 0}
  m_PrefabAsset: {fileID: 0}
  m_GameObject: {fileID: 255973047}
  m_Enabled: 1
  serializedVersion: 4
  OutputAudioMixerGroup: {fileID: 0}
  m_audioClip: {fileID: 0}
  m_PlayOnAwake: 1
  m_Volume: 1
  m_Pitch: 1
  Loop: 0
  Mute: 0
  Spatialize: 0
  SpatializePostEffects: 0
  Priority: 128
  DopplerLevel: 1
  MinDistance: 1
  MaxDistance: 500
  Pan2D: 0
  rolloffMode: 0
  BypassEffects: 0
  BypassListenerEffects: 0
  BypassReverbZones: 0
  rolloffCustomCurve:
    serializedVersion: 2
    m_Curve:
    - serializedVersion: 3
      time: 0
      value: 1
      inSlope: 0
      outSlope: 0
      tangentMode: 0
      weightedMode: 0
      inWeight: 0.33333334
      outWeight: 0.33333334
    - serializedVersion: 3
      time: 1
      value: 0
      inSlope: 0
      outSlope: 0
      tangentMode: 0
      weightedMode: 0
      inWeight: 0.33333334
      outWeight: 0.33333334
    m_PreInfinity: 2
    m_PostInfinity: 2
    m_RotationOrder: 4
  panLevelCustomCurve:
    serializedVersion: 2
    m_Curve:
    - serializedVersion: 3
      time: 0
      value: 0
      inSlope: 0
      outSlope: 0
      tangentMode: 0
      weightedMode: 0
      inWeight: 0.33333334
      outWeight: 0.33333334
    m_PreInfinity: 2
    m_PostInfinity: 2
    m_RotationOrder: 4
  spreadCustomCurve:
    serializedVersion: 2
    m_Curve:
    - serializedVersion: 3
      time: 0
      value: 0
      inSlope: 0
      outSlope: 0
      tangentMode: 0
      weightedMode: 0
      inWeight: 0.33333334
      outWeight: 0.33333334
    m_PreInfinity: 2
    m_PostInfinity: 2
    m_RotationOrder: 4
  reverbZoneMixCustomCurve:
    serializedVersion: 2
    m_Curve:
    - serializedVersion: 3
      time: 0
      value: 1
      inSlope: 0
      outSlope: 0
      tangentMode: 0
      weightedMode: 0
      inWeight: 0.33333334
      outWeight: 0.33333334
    m_PreInfinity: 2
    m_PostInfinity: 2
    m_RotationOrder: 4
--- !u!4 &255973050
Transform:
  m_ObjectHideFlags: 0
  m_CorrespondingSourceObject: {fileID: 0}
  m_PrefabInstance: {fileID: 0}
  m_PrefabAsset: {fileID: 0}
  m_GameObject: {fileID: 255973047}
  m_LocalRotation: {x: 0, y: 0, z: 0, w: 1}
  m_LocalPosition: {x: 349.74194, y: 180.76239, z: -4435.376}
  m_LocalScale: {x: 1, y: 1, z: 1}
  m_Children: []
  m_Father: {fileID: 0}
  m_RootOrder: 6
  m_LocalEulerAnglesHint: {x: 0, y: 0, z: 0}
--- !u!1001 &332481884
PrefabInstance:
  m_ObjectHideFlags: 0
  serializedVersion: 2
  m_Modification:
    m_TransformParent: {fileID: 0}
    m_Modifications:
    - target: {fileID: 6289200097781087473, guid: d182e55ba7639ae4c8dd76f2bf8144a9,
        type: 3}
      propertyPath: m_LocalPosition.x
      value: -90.08774
      objectReference: {fileID: 0}
    - target: {fileID: 6289200097781087473, guid: d182e55ba7639ae4c8dd76f2bf8144a9,
        type: 3}
      propertyPath: m_LocalPosition.y
      value: 466.05133
      objectReference: {fileID: 0}
    - target: {fileID: 6289200097781087473, guid: d182e55ba7639ae4c8dd76f2bf8144a9,
        type: 3}
      propertyPath: m_LocalPosition.z
      value: -78.25
      objectReference: {fileID: 0}
    - target: {fileID: 6289200097781087473, guid: d182e55ba7639ae4c8dd76f2bf8144a9,
        type: 3}
      propertyPath: m_LocalRotation.x
      value: 0
      objectReference: {fileID: 0}
    - target: {fileID: 6289200097781087473, guid: d182e55ba7639ae4c8dd76f2bf8144a9,
        type: 3}
      propertyPath: m_LocalRotation.y
      value: 0
      objectReference: {fileID: 0}
    - target: {fileID: 6289200097781087473, guid: d182e55ba7639ae4c8dd76f2bf8144a9,
        type: 3}
      propertyPath: m_LocalRotation.z
      value: 0
      objectReference: {fileID: 0}
    - target: {fileID: 6289200097781087473, guid: d182e55ba7639ae4c8dd76f2bf8144a9,
        type: 3}
      propertyPath: m_LocalRotation.w
      value: 1
      objectReference: {fileID: 0}
    - target: {fileID: 6289200097781087473, guid: d182e55ba7639ae4c8dd76f2bf8144a9,
        type: 3}
      propertyPath: m_RootOrder
      value: 1
      objectReference: {fileID: 0}
    - target: {fileID: 6289200097781087473, guid: d182e55ba7639ae4c8dd76f2bf8144a9,
        type: 3}
      propertyPath: m_LocalEulerAnglesHint.x
      value: 0
      objectReference: {fileID: 0}
    - target: {fileID: 6289200097781087473, guid: d182e55ba7639ae4c8dd76f2bf8144a9,
        type: 3}
      propertyPath: m_LocalEulerAnglesHint.y
      value: 0
      objectReference: {fileID: 0}
    - target: {fileID: 6289200097781087473, guid: d182e55ba7639ae4c8dd76f2bf8144a9,
        type: 3}
      propertyPath: m_LocalEulerAnglesHint.z
      value: 0
      objectReference: {fileID: 0}
    - target: {fileID: 6289200097781087479, guid: d182e55ba7639ae4c8dd76f2bf8144a9,
        type: 3}
      propertyPath: m_Name
      value: Settings
      objectReference: {fileID: 0}
    m_RemovedComponents: []
  m_SourcePrefab: {fileID: 100100000, guid: d182e55ba7639ae4c8dd76f2bf8144a9, type: 3}
--- !u!114 &401411624 stripped
MonoBehaviour:
  m_CorrespondingSourceObject: {fileID: 2611938147379766125, guid: 74465b414fefd814589cdfd0fe39a07c,
    type: 3}
  m_PrefabInstance: {fileID: 1230748547}
  m_PrefabAsset: {fileID: 0}
  m_GameObject: {fileID: 0}
  m_Enabled: 1
  m_EditorHideFlags: 0
  m_Script: {fileID: 11500000, guid: 253a544fb84e9b64abc2f5b6a3475388, type: 3}
  m_Name: 
  m_EditorClassIdentifier: 
--- !u!224 &1035702649 stripped
RectTransform:
  m_CorrespondingSourceObject: {fileID: 7070832148135605585, guid: 5182a0e56786c614095ec5bd4f1bbfcc,
    type: 3}
  m_PrefabInstance: {fileID: 1474459711}
  m_PrefabAsset: {fileID: 0}
--- !u!1 &1045952847
GameObject:
  m_ObjectHideFlags: 0
  m_CorrespondingSourceObject: {fileID: 0}
  m_PrefabInstance: {fileID: 0}
  m_PrefabAsset: {fileID: 0}
  serializedVersion: 6
  m_Component:
  - component: {fileID: 1045952848}
  - component: {fileID: 1045952849}
  m_Layer: 5
  m_Name: StuntSummaryInfoController
  m_TagString: Untagged
  m_Icon: {fileID: 0}
  m_NavMeshLayer: 0
  m_StaticEditorFlags: 0
  m_IsActive: 1
--- !u!224 &1045952848
RectTransform:
  m_ObjectHideFlags: 0
  m_CorrespondingSourceObject: {fileID: 0}
  m_PrefabInstance: {fileID: 0}
  m_PrefabAsset: {fileID: 0}
  m_GameObject: {fileID: 1045952847}
  m_LocalRotation: {x: 0, y: 0, z: 0, w: 1}
  m_LocalPosition: {x: 0, y: 0, z: 0}
  m_LocalScale: {x: 1, y: 1, z: 1}
  m_Children: []
  m_Father: {fileID: 1083015877}
  m_RootOrder: 5
  m_LocalEulerAnglesHint: {x: 0, y: 0, z: 0}
  m_AnchorMin: {x: 0, y: 0}
  m_AnchorMax: {x: 1, y: 1}
  m_AnchoredPosition: {x: 0, y: 0}
  m_SizeDelta: {x: 0, y: 0}
  m_Pivot: {x: 0.5, y: 0.5}
--- !u!114 &1045952849
MonoBehaviour:
  m_ObjectHideFlags: 0
  m_CorrespondingSourceObject: {fileID: 0}
  m_PrefabInstance: {fileID: 0}
  m_PrefabAsset: {fileID: 0}
  m_GameObject: {fileID: 1045952847}
  m_Enabled: 1
  m_EditorHideFlags: 0
  m_Script: {fileID: 11500000, guid: 98cb3611fc5b72e429eb122002dd4cf5, type: 3}
  m_Name: 
  m_EditorClassIdentifier: 
  referenceCamera: {fileID: 1143257124}
  vanishingOffset: 80
  creationOffsetY: 80
  stuntMessagePrefab: {fileID: 4749142825014077827, guid: f46d43e0609952a45853c8eb3e4d5841,
    type: 3}
  velocity: {x: 0, y: 50}
  canvas: {fileID: 1083015876}
  debug: 0
--- !u!1 &1083015873
GameObject:
  m_ObjectHideFlags: 0
  m_CorrespondingSourceObject: {fileID: 0}
  m_PrefabInstance: {fileID: 0}
  m_PrefabAsset: {fileID: 0}
  serializedVersion: 6
  m_Component:
  - component: {fileID: 1083015877}
  - component: {fileID: 1083015876}
  - component: {fileID: 1083015875}
  - component: {fileID: 1083015874}
  m_Layer: 5
  m_Name: Canvas
  m_TagString: Untagged
  m_Icon: {fileID: 0}
  m_NavMeshLayer: 0
  m_StaticEditorFlags: 0
  m_IsActive: 1
--- !u!114 &1083015874
MonoBehaviour:
  m_ObjectHideFlags: 0
  m_CorrespondingSourceObject: {fileID: 0}
  m_PrefabInstance: {fileID: 0}
  m_PrefabAsset: {fileID: 0}
  m_GameObject: {fileID: 1083015873}
  m_Enabled: 1
  m_EditorHideFlags: 0
  m_Script: {fileID: 11500000, guid: dc42784cf147c0c48a680349fa168899, type: 3}
  m_Name: 
  m_EditorClassIdentifier: 
  m_IgnoreReversedGraphics: 1
  m_BlockingObjects: 0
  m_BlockingMask:
    serializedVersion: 2
    m_Bits: 4294967295
--- !u!114 &1083015875
MonoBehaviour:
  m_ObjectHideFlags: 0
  m_CorrespondingSourceObject: {fileID: 0}
  m_PrefabInstance: {fileID: 0}
  m_PrefabAsset: {fileID: 0}
  m_GameObject: {fileID: 1083015873}
  m_Enabled: 1
  m_EditorHideFlags: 0
  m_Script: {fileID: 11500000, guid: 0cd44c1031e13a943bb63640046fad76, type: 3}
  m_Name: 
  m_EditorClassIdentifier: 
  m_UiScaleMode: 1
  m_ReferencePixelsPerUnit: 100
  m_ScaleFactor: 1
  m_ReferenceResolution: {x: 640, y: 360}
  m_ScreenMatchMode: 0
  m_MatchWidthOrHeight: 0
  m_PhysicalUnit: 3
  m_FallbackScreenDPI: 96
  m_DefaultSpriteDPI: 96
  m_DynamicPixelsPerUnit: 1
--- !u!223 &1083015876
Canvas:
  m_ObjectHideFlags: 0
  m_CorrespondingSourceObject: {fileID: 0}
  m_PrefabInstance: {fileID: 0}
  m_PrefabAsset: {fileID: 0}
  m_GameObject: {fileID: 1083015873}
  m_Enabled: 1
  serializedVersion: 3
  m_RenderMode: 0
  m_Camera: {fileID: 1143257124}
  m_PlaneDistance: 100
  m_PixelPerfect: 0
  m_ReceivesEvents: 1
  m_OverrideSorting: 0
  m_OverridePixelPerfect: 0
  m_SortingBucketNormalizedSize: 0
  m_AdditionalShaderChannelsFlag: 25
  m_SortingLayerID: 0
  m_SortingOrder: 0
  m_TargetDisplay: 0
--- !u!224 &1083015877
RectTransform:
  m_ObjectHideFlags: 0
  m_CorrespondingSourceObject: {fileID: 0}
  m_PrefabInstance: {fileID: 0}
  m_PrefabAsset: {fileID: 0}
  m_GameObject: {fileID: 1083015873}
  m_LocalRotation: {x: 0, y: 0, z: 0, w: 1}
  m_LocalPosition: {x: 0, y: 0, z: 0}
  m_LocalScale: {x: 0, y: 0, z: 0}
  m_Children:
  - {fileID: 113015754}
  - {fileID: 1743862225}
  - {fileID: 1376804829}
  - {fileID: 1416828884}
  - {fileID: 1669174439}
  - {fileID: 1045952848}
  - {fileID: 2009918742}
  - {fileID: 1035702649}
  m_Father: {fileID: 0}
  m_RootOrder: 2
  m_LocalEulerAnglesHint: {x: 0, y: 0, z: 0}
  m_AnchorMin: {x: 0, y: 0}
  m_AnchorMax: {x: 0, y: 0}
  m_AnchoredPosition: {x: 0, y: 0}
  m_SizeDelta: {x: 0, y: 0}
  m_Pivot: {x: 0, y: 0}
--- !u!1 &1143257122
GameObject:
  m_ObjectHideFlags: 0
  m_CorrespondingSourceObject: {fileID: 0}
  m_PrefabInstance: {fileID: 0}
  m_PrefabAsset: {fileID: 0}
  serializedVersion: 6
  m_Component:
  - component: {fileID: 1143257125}
  - component: {fileID: 1143257124}
  - component: {fileID: 1143257123}
  m_Layer: 0
  m_Name: Main Camera
  m_TagString: MainCamera
  m_Icon: {fileID: 0}
  m_NavMeshLayer: 0
  m_StaticEditorFlags: 0
  m_IsActive: 1
--- !u!81 &1143257123
AudioListener:
  m_ObjectHideFlags: 0
  m_CorrespondingSourceObject: {fileID: 0}
  m_PrefabInstance: {fileID: 0}
  m_PrefabAsset: {fileID: 0}
  m_GameObject: {fileID: 1143257122}
  m_Enabled: 1
--- !u!20 &1143257124
Camera:
  m_ObjectHideFlags: 0
  m_CorrespondingSourceObject: {fileID: 0}
  m_PrefabInstance: {fileID: 0}
  m_PrefabAsset: {fileID: 0}
  m_GameObject: {fileID: 1143257122}
  m_Enabled: 1
  serializedVersion: 2
  m_ClearFlags: 2
  m_BackGroundColor: {r: 0.26254895, g: 0.5273228, b: 0.9433962, a: 0}
  m_projectionMatrixMode: 1
  m_GateFitMode: 2
  m_FOVAxisMode: 0
  m_SensorSize: {x: 36, y: 24}
  m_LensShift: {x: 0, y: 0}
  m_FocalLength: 50
  m_NormalizedViewPortRect:
    serializedVersion: 2
    x: 0
    y: 0
    width: 1
    height: 1
  near clip plane: 0.3
  far clip plane: 1000
  field of view: 37.3
  orthographic: 0
  orthographic size: 1.8
  m_Depth: -1
  m_CullingMask:
    serializedVersion: 2
    m_Bits: 4294967295
  m_RenderingPath: -1
  m_TargetTexture: {fileID: 0}
  m_TargetDisplay: 0
  m_TargetEye: 3
  m_HDR: 1
  m_AllowMSAA: 1
  m_AllowDynamicResolution: 0
  m_ForceIntoRT: 0
  m_OcclusionCulling: 1
  m_StereoConvergence: 10
  m_StereoSeparation: 0.022
--- !u!4 &1143257125
Transform:
  m_ObjectHideFlags: 0
  m_CorrespondingSourceObject: {fileID: 0}
  m_PrefabInstance: {fileID: 0}
  m_PrefabAsset: {fileID: 0}
  m_GameObject: {fileID: 1143257122}
  m_LocalRotation: {x: 0, y: 0, z: 0, w: 1}
  m_LocalPosition: {x: 0, y: 0, z: -10}
  m_LocalScale: {x: 1, y: 1, z: 1}
  m_Children: []
  m_Father: {fileID: 0}
  m_RootOrder: 0
  m_LocalEulerAnglesHint: {x: 0, y: 0, z: 0}
--- !u!1 &1156387498 stripped
GameObject:
  m_CorrespondingSourceObject: {fileID: 1593327485808232612, guid: 72521da37878d5340bed1c9d81db54bc,
    type: 3}
  m_PrefabInstance: {fileID: 1593327486673117047}
  m_PrefabAsset: {fileID: 0}
--- !u!1001 &1230748547
PrefabInstance:
  m_ObjectHideFlags: 0
  serializedVersion: 2
  m_Modification:
    m_TransformParent: {fileID: 1083015877}
    m_Modifications:
    - target: {fileID: 2611938147379766124, guid: 74465b414fefd814589cdfd0fe39a07c,
        type: 3}
      propertyPath: m_LocalPosition.x
      value: 0
      objectReference: {fileID: 0}
    - target: {fileID: 2611938147379766124, guid: 74465b414fefd814589cdfd0fe39a07c,
        type: 3}
      propertyPath: m_LocalPosition.y
      value: 0
      objectReference: {fileID: 0}
    - target: {fileID: 2611938147379766124, guid: 74465b414fefd814589cdfd0fe39a07c,
        type: 3}
      propertyPath: m_LocalPosition.z
      value: 0
      objectReference: {fileID: 0}
    - target: {fileID: 2611938147379766124, guid: 74465b414fefd814589cdfd0fe39a07c,
        type: 3}
      propertyPath: m_LocalRotation.x
      value: 0
      objectReference: {fileID: 0}
    - target: {fileID: 2611938147379766124, guid: 74465b414fefd814589cdfd0fe39a07c,
        type: 3}
      propertyPath: m_LocalRotation.y
      value: 0
      objectReference: {fileID: 0}
    - target: {fileID: 2611938147379766124, guid: 74465b414fefd814589cdfd0fe39a07c,
        type: 3}
      propertyPath: m_LocalRotation.z
      value: 0
      objectReference: {fileID: 0}
    - target: {fileID: 2611938147379766124, guid: 74465b414fefd814589cdfd0fe39a07c,
        type: 3}
      propertyPath: m_LocalRotation.w
      value: 1
      objectReference: {fileID: 0}
    - target: {fileID: 2611938147379766124, guid: 74465b414fefd814589cdfd0fe39a07c,
        type: 3}
      propertyPath: m_RootOrder
      value: 0
      objectReference: {fileID: 0}
    - target: {fileID: 2611938147379766124, guid: 74465b414fefd814589cdfd0fe39a07c,
        type: 3}
      propertyPath: m_LocalEulerAnglesHint.x
      value: 0
      objectReference: {fileID: 0}
    - target: {fileID: 2611938147379766124, guid: 74465b414fefd814589cdfd0fe39a07c,
        type: 3}
      propertyPath: m_LocalEulerAnglesHint.y
      value: 0
      objectReference: {fileID: 0}
    - target: {fileID: 2611938147379766124, guid: 74465b414fefd814589cdfd0fe39a07c,
        type: 3}
      propertyPath: m_LocalEulerAnglesHint.z
      value: 0
      objectReference: {fileID: 0}
    - target: {fileID: 2611938147379766124, guid: 74465b414fefd814589cdfd0fe39a07c,
        type: 3}
      propertyPath: m_AnchoredPosition.x
      value: 0
      objectReference: {fileID: 0}
    - target: {fileID: 2611938147379766124, guid: 74465b414fefd814589cdfd0fe39a07c,
        type: 3}
      propertyPath: m_AnchoredPosition.y
      value: 0
      objectReference: {fileID: 0}
    - target: {fileID: 2611938147379766124, guid: 74465b414fefd814589cdfd0fe39a07c,
        type: 3}
      propertyPath: m_SizeDelta.x
      value: 100
      objectReference: {fileID: 0}
    - target: {fileID: 2611938147379766124, guid: 74465b414fefd814589cdfd0fe39a07c,
        type: 3}
      propertyPath: m_SizeDelta.y
      value: 100
      objectReference: {fileID: 0}
    - target: {fileID: 2611938147379766124, guid: 74465b414fefd814589cdfd0fe39a07c,
        type: 3}
      propertyPath: m_AnchorMin.x
      value: 0.5
      objectReference: {fileID: 0}
    - target: {fileID: 2611938147379766124, guid: 74465b414fefd814589cdfd0fe39a07c,
        type: 3}
      propertyPath: m_AnchorMin.y
      value: 0.5
      objectReference: {fileID: 0}
    - target: {fileID: 2611938147379766124, guid: 74465b414fefd814589cdfd0fe39a07c,
        type: 3}
      propertyPath: m_AnchorMax.x
      value: 0.5
      objectReference: {fileID: 0}
    - target: {fileID: 2611938147379766124, guid: 74465b414fefd814589cdfd0fe39a07c,
        type: 3}
      propertyPath: m_AnchorMax.y
      value: 0.5
      objectReference: {fileID: 0}
    - target: {fileID: 2611938147379766124, guid: 74465b414fefd814589cdfd0fe39a07c,
        type: 3}
      propertyPath: m_Pivot.x
      value: 0.5
      objectReference: {fileID: 0}
    - target: {fileID: 2611938147379766124, guid: 74465b414fefd814589cdfd0fe39a07c,
        type: 3}
      propertyPath: m_Pivot.y
      value: 0.5
      objectReference: {fileID: 0}
    - target: {fileID: 2611938147379766125, guid: 74465b414fefd814589cdfd0fe39a07c,
        type: 3}
      propertyPath: selectedObject
      value: 
      objectReference: {fileID: 1598085477}
    - target: {fileID: 2611938147379766131, guid: 74465b414fefd814589cdfd0fe39a07c,
        type: 3}
      propertyPath: m_Name
      value: ButtonSelectedBorder
      objectReference: {fileID: 0}
    m_RemovedComponents: []
  m_SourcePrefab: {fileID: 100100000, guid: 74465b414fefd814589cdfd0fe39a07c, type: 3}
--- !u!1 &1376804828
GameObject:
  m_ObjectHideFlags: 0
  m_CorrespondingSourceObject: {fileID: 0}
  m_PrefabInstance: {fileID: 0}
  m_PrefabAsset: {fileID: 0}
  serializedVersion: 6
  m_Component:
  - component: {fileID: 1376804829}
  - component: {fileID: 1376804831}
  - component: {fileID: 1376804830}
  m_Layer: 5
  m_Name: AwesomeCollected
  m_TagString: Untagged
  m_Icon: {fileID: 0}
  m_NavMeshLayer: 0
  m_StaticEditorFlags: 0
  m_IsActive: 1
--- !u!224 &1376804829
RectTransform:
  m_ObjectHideFlags: 0
  m_CorrespondingSourceObject: {fileID: 0}
  m_PrefabInstance: {fileID: 0}
  m_PrefabAsset: {fileID: 0}
  m_GameObject: {fileID: 1376804828}
  m_LocalRotation: {x: 0, y: 0, z: 0, w: 1}
  m_LocalPosition: {x: 0, y: 0, z: 0}
  m_LocalScale: {x: 1, y: 1, z: 1}
  m_Children: []
  m_Father: {fileID: 1083015877}
  m_RootOrder: 2
  m_LocalEulerAnglesHint: {x: 0, y: 0, z: 0}
  m_AnchorMin: {x: 0.5, y: 1}
  m_AnchorMax: {x: 0.5, y: 1}
  m_AnchoredPosition: {x: -0.000063419, y: -66.900024}
  m_SizeDelta: {x: 640, y: 49}
  m_Pivot: {x: 0.4999999, y: 0.5}
--- !u!114 &1376804830
MonoBehaviour:
  m_ObjectHideFlags: 0
  m_CorrespondingSourceObject: {fileID: 0}
  m_PrefabInstance: {fileID: 0}
  m_PrefabAsset: {fileID: 0}
  m_GameObject: {fileID: 1376804828}
  m_Enabled: 1
  m_EditorHideFlags: 0
  m_Script: {fileID: 11500000, guid: f4688fdb7df04437aeb418b961361dc5, type: 3}
  m_Name: 
  m_EditorClassIdentifier: 
  m_Material: {fileID: 0}
  m_Color: {r: 1, g: 1, b: 1, a: 1}
  m_RaycastTarget: 1
  m_OnCullStateChanged:
    m_PersistentCalls:
      m_Calls: []
  m_text: 'Awesome: 0'
  m_isRightToLeft: 0
  m_fontAsset: {fileID: 11400000, guid: 6b5c094fd2812e24ea085629e38a3fa8, type: 2}
  m_sharedMaterial: {fileID: 2100000, guid: 984657490584a0e4db37c3253ff8de5e, type: 2}
  m_fontSharedMaterials: []
  m_fontMaterial: {fileID: 0}
  m_fontMaterials: []
  m_fontColor32:
    serializedVersion: 2
    rgba: 4294967295
  m_fontColor: {r: 1, g: 1, b: 1, a: 1}
  m_enableVertexGradient: 0
  m_colorMode: 3
  m_fontColorGradient:
    topLeft: {r: 1, g: 1, b: 1, a: 1}
    topRight: {r: 1, g: 1, b: 1, a: 1}
    bottomLeft: {r: 1, g: 1, b: 1, a: 1}
    bottomRight: {r: 1, g: 1, b: 1, a: 1}
  m_fontColorGradientPreset: {fileID: 0}
  m_spriteAsset: {fileID: 0}
  m_tintAllSprites: 0
  m_overrideHtmlColors: 0
  m_faceColor:
    serializedVersion: 2
    rgba: 4294967295
  m_outlineColor:
    serializedVersion: 2
    rgba: 4278190080
  m_fontSize: 36.4
  m_fontSizeBase: 36.4
  m_fontWeight: 400
  m_enableAutoSizing: 0
  m_fontSizeMin: 18
  m_fontSizeMax: 72
  m_fontStyle: 0
  m_textAlignment: 514
  m_characterSpacing: 0
  m_wordSpacing: 0
  m_lineSpacing: 0
  m_lineSpacingMax: 0
  m_paragraphSpacing: 0
  m_charWidthMaxAdj: 0
  m_enableWordWrapping: 1
  m_wordWrappingRatios: 0.4
  m_overflowMode: 0
  m_firstOverflowCharacterIndex: -1
  m_linkedTextComponent: {fileID: 0}
  m_isLinkedTextComponent: 0
  m_isTextTruncated: 0
  m_enableKerning: 1
  m_enableExtraPadding: 0
  checkPaddingRequired: 0
  m_isRichText: 1
  m_parseCtrlCharacters: 1
  m_isOrthographic: 1
  m_isCullingEnabled: 0
  m_ignoreRectMaskCulling: 0
  m_ignoreCulling: 1
  m_horizontalMapping: 0
  m_verticalMapping: 0
  m_uvLineOffset: 0
  m_geometrySortingOrder: 0
  m_VertexBufferAutoSizeReduction: 1
  m_firstVisibleCharacter: 0
  m_useMaxVisibleDescender: 1
  m_pageToDisplay: 1
  m_margin: {x: 0, y: 0, z: -0.6680908, w: 0}
  m_textInfo:
    textComponent: {fileID: 1376804830}
    characterCount: 10
    spriteCount: 0
    spaceCount: 1
    wordCount: 2
    linkCount: 0
    lineCount: 1
    pageCount: 1
    materialCount: 1
  m_isUsingLegacyAnimationComponent: 0
  m_isVolumetricText: 0
  m_spriteAnimator: {fileID: 0}
  m_hasFontAssetChanged: 0
  m_subTextObjects:
  - {fileID: 0}
  - {fileID: 0}
  - {fileID: 0}
  - {fileID: 0}
  - {fileID: 0}
  - {fileID: 0}
  - {fileID: 0}
  - {fileID: 0}
  m_baseMaterial: {fileID: 0}
  m_maskOffset: {x: 0, y: 0, z: 0, w: 0}
--- !u!222 &1376804831
CanvasRenderer:
  m_ObjectHideFlags: 0
  m_CorrespondingSourceObject: {fileID: 0}
  m_PrefabInstance: {fileID: 0}
  m_PrefabAsset: {fileID: 0}
  m_GameObject: {fileID: 1376804828}
  m_CullTransparentMesh: 0
--- !u!224 &1416828884 stripped
RectTransform:
  m_CorrespondingSourceObject: {fileID: 1593327485808232611, guid: 72521da37878d5340bed1c9d81db54bc,
    type: 3}
  m_PrefabInstance: {fileID: 1593327486673117047}
  m_PrefabAsset: {fileID: 0}
--- !u!1001 &1474459711
PrefabInstance:
  m_ObjectHideFlags: 0
  serializedVersion: 2
  m_Modification:
    m_TransformParent: {fileID: 1083015877}
    m_Modifications:
    - target: {fileID: 7070832148135605585, guid: 5182a0e56786c614095ec5bd4f1bbfcc,
        type: 3}
      propertyPath: m_LocalPosition.x
      value: 0
      objectReference: {fileID: 0}
    - target: {fileID: 7070832148135605585, guid: 5182a0e56786c614095ec5bd4f1bbfcc,
        type: 3}
      propertyPath: m_LocalPosition.y
      value: 0
      objectReference: {fileID: 0}
    - target: {fileID: 7070832148135605585, guid: 5182a0e56786c614095ec5bd4f1bbfcc,
        type: 3}
      propertyPath: m_LocalPosition.z
      value: 0
      objectReference: {fileID: 0}
    - target: {fileID: 7070832148135605585, guid: 5182a0e56786c614095ec5bd4f1bbfcc,
        type: 3}
      propertyPath: m_LocalRotation.x
      value: -0
      objectReference: {fileID: 0}
    - target: {fileID: 7070832148135605585, guid: 5182a0e56786c614095ec5bd4f1bbfcc,
        type: 3}
      propertyPath: m_LocalRotation.y
      value: -0
      objectReference: {fileID: 0}
    - target: {fileID: 7070832148135605585, guid: 5182a0e56786c614095ec5bd4f1bbfcc,
        type: 3}
      propertyPath: m_LocalRotation.z
      value: -0
      objectReference: {fileID: 0}
    - target: {fileID: 7070832148135605585, guid: 5182a0e56786c614095ec5bd4f1bbfcc,
        type: 3}
      propertyPath: m_LocalRotation.w
      value: 1
      objectReference: {fileID: 0}
    - target: {fileID: 7070832148135605585, guid: 5182a0e56786c614095ec5bd4f1bbfcc,
        type: 3}
      propertyPath: m_RootOrder
      value: 7
      objectReference: {fileID: 0}
    - target: {fileID: 7070832148135605585, guid: 5182a0e56786c614095ec5bd4f1bbfcc,
        type: 3}
      propertyPath: m_LocalEulerAnglesHint.x
      value: 0
      objectReference: {fileID: 0}
    - target: {fileID: 7070832148135605585, guid: 5182a0e56786c614095ec5bd4f1bbfcc,
        type: 3}
      propertyPath: m_LocalEulerAnglesHint.y
      value: 0
      objectReference: {fileID: 0}
    - target: {fileID: 7070832148135605585, guid: 5182a0e56786c614095ec5bd4f1bbfcc,
        type: 3}
      propertyPath: m_LocalEulerAnglesHint.z
      value: 0
      objectReference: {fileID: 0}
    - target: {fileID: 7070832148135605585, guid: 5182a0e56786c614095ec5bd4f1bbfcc,
        type: 3}
      propertyPath: m_AnchoredPosition.x
      value: 516
      objectReference: {fileID: 0}
    - target: {fileID: 7070832148135605585, guid: 5182a0e56786c614095ec5bd4f1bbfcc,
        type: 3}
      propertyPath: m_AnchoredPosition.y
      value: -158.55
      objectReference: {fileID: 0}
    - target: {fileID: 7070832148135605585, guid: 5182a0e56786c614095ec5bd4f1bbfcc,
        type: 3}
      propertyPath: m_SizeDelta.x
      value: 183.4
      objectReference: {fileID: 0}
    - target: {fileID: 7070832148135605585, guid: 5182a0e56786c614095ec5bd4f1bbfcc,
        type: 3}
      propertyPath: m_SizeDelta.y
      value: 57.1
      objectReference: {fileID: 0}
    - target: {fileID: 7070832148135605585, guid: 5182a0e56786c614095ec5bd4f1bbfcc,
        type: 3}
      propertyPath: m_AnchorMin.x
      value: 0
      objectReference: {fileID: 0}
    - target: {fileID: 7070832148135605585, guid: 5182a0e56786c614095ec5bd4f1bbfcc,
        type: 3}
      propertyPath: m_AnchorMin.y
      value: 1
      objectReference: {fileID: 0}
    - target: {fileID: 7070832148135605585, guid: 5182a0e56786c614095ec5bd4f1bbfcc,
        type: 3}
      propertyPath: m_AnchorMax.x
      value: 0
      objectReference: {fileID: 0}
    - target: {fileID: 7070832148135605585, guid: 5182a0e56786c614095ec5bd4f1bbfcc,
        type: 3}
      propertyPath: m_AnchorMax.y
      value: 1
      objectReference: {fileID: 0}
    - target: {fileID: 7070832148135605585, guid: 5182a0e56786c614095ec5bd4f1bbfcc,
        type: 3}
      propertyPath: m_Pivot.x
      value: 0.5
      objectReference: {fileID: 0}
    - target: {fileID: 7070832148135605585, guid: 5182a0e56786c614095ec5bd4f1bbfcc,
        type: 3}
      propertyPath: m_Pivot.y
      value: 0.5
      objectReference: {fileID: 0}
    - target: {fileID: 7070832148135605614, guid: 5182a0e56786c614095ec5bd4f1bbfcc,
        type: 3}
      propertyPath: m_Name
      value: FPS
      objectReference: {fileID: 0}
    - target: {fileID: 7070832148135605614, guid: 5182a0e56786c614095ec5bd4f1bbfcc,
        type: 3}
      propertyPath: m_IsActive
      value: 0
      objectReference: {fileID: 0}
    m_RemovedComponents: []
  m_SourcePrefab: {fileID: 100100000, guid: 5182a0e56786c614095ec5bd4f1bbfcc, type: 3}
--- !u!1 &1598085477 stripped
GameObject:
  m_CorrespondingSourceObject: {fileID: 2686973203617113229, guid: 32940b076e9add341a7132e174139f6c,
    type: 3}
  m_PrefabInstance: {fileID: 2686973202053619037}
  m_PrefabAsset: {fileID: 0}
--- !u!1 &1663439592
GameObject:
  m_ObjectHideFlags: 0
  m_CorrespondingSourceObject: {fileID: 0}
  m_PrefabInstance: {fileID: 0}
  m_PrefabAsset: {fileID: 0}
  serializedVersion: 6
  m_Component:
  - component: {fileID: 1663439594}
  - component: {fileID: 1663439593}
  m_Layer: 0
  m_Name: ButtonsManager
  m_TagString: Untagged
  m_Icon: {fileID: 0}
  m_NavMeshLayer: 0
  m_StaticEditorFlags: 0
  m_IsActive: 1
--- !u!114 &1663439593
MonoBehaviour:
  m_ObjectHideFlags: 0
  m_CorrespondingSourceObject: {fileID: 0}
  m_PrefabInstance: {fileID: 0}
  m_PrefabAsset: {fileID: 0}
  m_GameObject: {fileID: 1663439592}
  m_Enabled: 1
  m_EditorHideFlags: 0
  m_Script: {fileID: 11500000, guid: 9d0f26411468a3b4c95d5835d99fef78, type: 3}
  m_Name: 
  m_EditorClassIdentifier: 
  soundsManager: {fileID: 255973048}
--- !u!4 &1663439594
Transform:
  m_ObjectHideFlags: 0
  m_CorrespondingSourceObject: {fileID: 0}
  m_PrefabInstance: {fileID: 0}
  m_PrefabAsset: {fileID: 0}
  m_GameObject: {fileID: 1663439592}
  m_LocalRotation: {x: 0, y: 0, z: 0, w: 1}
  m_LocalPosition: {x: 289.45886, y: 142.08885, z: -4335.2754}
  m_LocalScale: {x: 1, y: 1, z: 1}
  m_Children: []
  m_Father: {fileID: 0}
  m_RootOrder: 5
  m_LocalEulerAnglesHint: {x: 0, y: 0, z: 0}
--- !u!1 &1669174438
GameObject:
  m_ObjectHideFlags: 0
  m_CorrespondingSourceObject: {fileID: 0}
  m_PrefabInstance: {fileID: 0}
  m_PrefabAsset: {fileID: 0}
  serializedVersion: 6
  m_Component:
  - component: {fileID: 1669174439}
  - component: {fileID: 1669174441}
  - component: {fileID: 1669174440}
  m_Layer: 5
  m_Name: RoadCompletion
  m_TagString: Untagged
  m_Icon: {fileID: 0}
  m_NavMeshLayer: 0
  m_StaticEditorFlags: 0
  m_IsActive: 1
--- !u!224 &1669174439
RectTransform:
  m_ObjectHideFlags: 0
  m_CorrespondingSourceObject: {fileID: 0}
  m_PrefabInstance: {fileID: 0}
  m_PrefabAsset: {fileID: 0}
  m_GameObject: {fileID: 1669174438}
  m_LocalRotation: {x: 0, y: 0, z: 0, w: 1}
  m_LocalPosition: {x: 0, y: 0, z: 0}
  m_LocalScale: {x: 1, y: 1, z: 1}
  m_Children: []
  m_Father: {fileID: 1083015877}
  m_RootOrder: 4
  m_LocalEulerAnglesHint: {x: 0, y: 0, z: 0}
  m_AnchorMin: {x: 0.5, y: 1}
  m_AnchorMax: {x: 0.5, y: 1}
  m_AnchoredPosition: {x: -0.000063419, y: -21.200012}
  m_SizeDelta: {x: 640, y: 42.4}
  m_Pivot: {x: 0.4999999, y: 0.5}
--- !u!114 &1669174440
MonoBehaviour:
  m_ObjectHideFlags: 0
  m_CorrespondingSourceObject: {fileID: 0}
  m_PrefabInstance: {fileID: 0}
  m_PrefabAsset: {fileID: 0}
  m_GameObject: {fileID: 1669174438}
  m_Enabled: 1
  m_EditorHideFlags: 0
  m_Script: {fileID: 11500000, guid: f4688fdb7df04437aeb418b961361dc5, type: 3}
  m_Name: 
  m_EditorClassIdentifier: 
  m_Material: {fileID: 0}
  m_Color: {r: 1, g: 1, b: 1, a: 1}
  m_RaycastTarget: 1
  m_OnCullStateChanged:
    m_PersistentCalls:
      m_Calls: []
  m_text: 100% Road Completed!!!
  m_isRightToLeft: 0
  m_fontAsset: {fileID: 11400000, guid: 6b5c094fd2812e24ea085629e38a3fa8, type: 2}
  m_sharedMaterial: {fileID: 2100000, guid: 93a971f1533d30c42906c09db1188c8e, type: 2}
  m_fontSharedMaterials: []
  m_fontMaterial: {fileID: 0}
  m_fontMaterials: []
  m_fontColor32:
    serializedVersion: 2
    rgba: 4294967295
  m_fontColor: {r: 1, g: 1, b: 1, a: 1}
  m_enableVertexGradient: 0
  m_colorMode: 3
  m_fontColorGradient:
    topLeft: {r: 1, g: 1, b: 1, a: 1}
    topRight: {r: 1, g: 1, b: 1, a: 1}
    bottomLeft: {r: 1, g: 1, b: 1, a: 1}
    bottomRight: {r: 1, g: 1, b: 1, a: 1}
  m_fontColorGradientPreset: {fileID: 0}
  m_spriteAsset: {fileID: 0}
  m_tintAllSprites: 0
  m_overrideHtmlColors: 0
  m_faceColor:
    serializedVersion: 2
    rgba: 4294967295
  m_outlineColor:
    serializedVersion: 2
    rgba: 4278190080
  m_fontSize: 24.5
  m_fontSizeBase: 24.5
  m_fontWeight: 400
  m_enableAutoSizing: 0
  m_fontSizeMin: 18
  m_fontSizeMax: 72
  m_fontStyle: 0
  m_textAlignment: 514
  m_characterSpacing: 0
  m_wordSpacing: 0
  m_lineSpacing: 0
  m_lineSpacingMax: 0
  m_paragraphSpacing: 0
  m_charWidthMaxAdj: 0
  m_enableWordWrapping: 1
  m_wordWrappingRatios: 0.4
  m_overflowMode: 0
  m_firstOverflowCharacterIndex: -1
  m_linkedTextComponent: {fileID: 0}
  m_isLinkedTextComponent: 0
  m_isTextTruncated: 0
  m_enableKerning: 1
  m_enableExtraPadding: 0
  checkPaddingRequired: 0
  m_isRichText: 1
  m_parseCtrlCharacters: 1
  m_isOrthographic: 1
  m_isCullingEnabled: 0
  m_ignoreRectMaskCulling: 0
  m_ignoreCulling: 1
  m_horizontalMapping: 0
  m_verticalMapping: 0
  m_uvLineOffset: 0
  m_geometrySortingOrder: 0
  m_VertexBufferAutoSizeReduction: 1
  m_firstVisibleCharacter: 0
  m_useMaxVisibleDescender: 1
  m_pageToDisplay: 1
  m_margin: {x: 0, y: 0, z: -0.056884766, w: 0}
  m_textInfo:
    textComponent: {fileID: 1669174440}
    characterCount: 22
    spriteCount: 0
    spaceCount: 2
    wordCount: 3
    linkCount: 0
    lineCount: 1
    pageCount: 1
    materialCount: 1
  m_isUsingLegacyAnimationComponent: 0
  m_isVolumetricText: 0
  m_spriteAnimator: {fileID: 0}
  m_hasFontAssetChanged: 0
  m_subTextObjects:
  - {fileID: 0}
  - {fileID: 0}
  - {fileID: 0}
  - {fileID: 0}
  - {fileID: 0}
  - {fileID: 0}
  - {fileID: 0}
  - {fileID: 0}
  m_baseMaterial: {fileID: 0}
  m_maskOffset: {x: 0, y: 0, z: 0, w: 0}
--- !u!222 &1669174441
CanvasRenderer:
  m_ObjectHideFlags: 0
  m_CorrespondingSourceObject: {fileID: 0}
  m_PrefabInstance: {fileID: 0}
  m_PrefabAsset: {fileID: 0}
  m_GameObject: {fileID: 1669174438}
  m_CullTransparentMesh: 0
--- !u!224 &1743862225 stripped
RectTransform:
  m_CorrespondingSourceObject: {fileID: 2686973203617113228, guid: 32940b076e9add341a7132e174139f6c,
    type: 3}
  m_PrefabInstance: {fileID: 2686973202053619037}
  m_PrefabAsset: {fileID: 0}
--- !u!1 &1905160149
GameObject:
  m_ObjectHideFlags: 0
  m_CorrespondingSourceObject: {fileID: 0}
  m_PrefabInstance: {fileID: 0}
  m_PrefabAsset: {fileID: 0}
  serializedVersion: 6
  m_Component:
  - component: {fileID: 1905160151}
  - component: {fileID: 1905160150}
  m_Layer: 0
  m_Name: SummaryController
  m_TagString: Untagged
  m_Icon: {fileID: 0}
  m_NavMeshLayer: 0
  m_StaticEditorFlags: 0
  m_IsActive: 1
--- !u!114 &1905160150
MonoBehaviour:
  m_ObjectHideFlags: 0
  m_CorrespondingSourceObject: {fileID: 0}
  m_PrefabInstance: {fileID: 0}
  m_PrefabAsset: {fileID: 0}
  m_GameObject: {fileID: 1905160149}
  m_Enabled: 1
  m_EditorHideFlags: 0
  m_Script: {fileID: 11500000, guid: f6215881864be74469cdb6dc93396cd4, type: 3}
  m_Name: 
  m_EditorClassIdentifier: 
  totalAwesomeFormat: 'Awesome: {0} x {1}% = {2}'
  raceCompletionFormat: '{0}% Road Completed'
  raceCompletion100PercentFormat: 100% Road Completed!!!
  totalAwesome: {fileID: 1376804830}
  raceCompletion: {fileID: 1669174440}
  achievementNotificationController: {fileID: 2009918743}
--- !u!4 &1905160151
Transform:
  m_ObjectHideFlags: 0
  m_CorrespondingSourceObject: {fileID: 0}
  m_PrefabInstance: {fileID: 0}
  m_PrefabAsset: {fileID: 0}
  m_GameObject: {fileID: 1905160149}
  m_LocalRotation: {x: 0, y: 0, z: 0, w: 1}
  m_LocalPosition: {x: 379.9673, y: 174.1081, z: -2112.6096}
  m_LocalScale: {x: 1, y: 1, z: 1}
  m_Children: []
  m_Father: {fileID: 0}
  m_RootOrder: 4
  m_LocalEulerAnglesHint: {x: 0, y: 0, z: 0}
--- !u!1001 &2009918741
PrefabInstance:
  m_ObjectHideFlags: 0
  serializedVersion: 2
  m_Modification:
    m_TransformParent: {fileID: 1083015877}
    m_Modifications:
    - target: {fileID: 5322787882572125468, guid: d27b89f24d91ca44e8c6f5df4dc04983,
        type: 3}
      propertyPath: m_Name
      value: AchievementNotification
      objectReference: {fileID: 0}
    - target: {fileID: 6957329921344521134, guid: d27b89f24d91ca44e8c6f5df4dc04983,
        type: 3}
      propertyPath: m_LocalPosition.x
      value: 0
      objectReference: {fileID: 0}
    - target: {fileID: 6957329921344521134, guid: d27b89f24d91ca44e8c6f5df4dc04983,
        type: 3}
      propertyPath: m_LocalPosition.y
      value: 0
      objectReference: {fileID: 0}
    - target: {fileID: 6957329921344521134, guid: d27b89f24d91ca44e8c6f5df4dc04983,
        type: 3}
      propertyPath: m_LocalPosition.z
      value: 0
      objectReference: {fileID: 0}
    - target: {fileID: 6957329921344521134, guid: d27b89f24d91ca44e8c6f5df4dc04983,
        type: 3}
      propertyPath: m_LocalRotation.x
      value: 0
      objectReference: {fileID: 0}
    - target: {fileID: 6957329921344521134, guid: d27b89f24d91ca44e8c6f5df4dc04983,
        type: 3}
      propertyPath: m_LocalRotation.y
      value: 0
      objectReference: {fileID: 0}
    - target: {fileID: 6957329921344521134, guid: d27b89f24d91ca44e8c6f5df4dc04983,
        type: 3}
      propertyPath: m_LocalRotation.z
      value: 0
      objectReference: {fileID: 0}
    - target: {fileID: 6957329921344521134, guid: d27b89f24d91ca44e8c6f5df4dc04983,
        type: 3}
      propertyPath: m_LocalRotation.w
      value: 1
      objectReference: {fileID: 0}
    - target: {fileID: 6957329921344521134, guid: d27b89f24d91ca44e8c6f5df4dc04983,
        type: 3}
      propertyPath: m_RootOrder
      value: 6
      objectReference: {fileID: 0}
    - target: {fileID: 6957329921344521134, guid: d27b89f24d91ca44e8c6f5df4dc04983,
        type: 3}
      propertyPath: m_LocalEulerAnglesHint.x
      value: 0
      objectReference: {fileID: 0}
    - target: {fileID: 6957329921344521134, guid: d27b89f24d91ca44e8c6f5df4dc04983,
        type: 3}
      propertyPath: m_LocalEulerAnglesHint.y
      value: 0
      objectReference: {fileID: 0}
    - target: {fileID: 6957329921344521134, guid: d27b89f24d91ca44e8c6f5df4dc04983,
        type: 3}
      propertyPath: m_LocalEulerAnglesHint.z
      value: 0
      objectReference: {fileID: 0}
    - target: {fileID: 6957329921344521134, guid: d27b89f24d91ca44e8c6f5df4dc04983,
        type: 3}
      propertyPath: m_AnchoredPosition.x
      value: 77
      objectReference: {fileID: 0}
    - target: {fileID: 6957329921344521134, guid: d27b89f24d91ca44e8c6f5df4dc04983,
        type: 3}
      propertyPath: m_AnchoredPosition.y
      value: -73
      objectReference: {fileID: 0}
    - target: {fileID: 6957329921344521134, guid: d27b89f24d91ca44e8c6f5df4dc04983,
        type: 3}
      propertyPath: m_SizeDelta.x
      value: 128
      objectReference: {fileID: 0}
    - target: {fileID: 6957329921344521134, guid: d27b89f24d91ca44e8c6f5df4dc04983,
        type: 3}
      propertyPath: m_SizeDelta.y
      value: 128
      objectReference: {fileID: 0}
    - target: {fileID: 6957329921344521134, guid: d27b89f24d91ca44e8c6f5df4dc04983,
        type: 3}
      propertyPath: m_AnchorMin.x
      value: 0
      objectReference: {fileID: 0}
    - target: {fileID: 6957329921344521134, guid: d27b89f24d91ca44e8c6f5df4dc04983,
        type: 3}
      propertyPath: m_AnchorMin.y
      value: 1
      objectReference: {fileID: 0}
    - target: {fileID: 6957329921344521134, guid: d27b89f24d91ca44e8c6f5df4dc04983,
        type: 3}
      propertyPath: m_AnchorMax.x
      value: 0
      objectReference: {fileID: 0}
    - target: {fileID: 6957329921344521134, guid: d27b89f24d91ca44e8c6f5df4dc04983,
        type: 3}
      propertyPath: m_AnchorMax.y
      value: 1
      objectReference: {fileID: 0}
    - target: {fileID: 6957329921344521134, guid: d27b89f24d91ca44e8c6f5df4dc04983,
        type: 3}
      propertyPath: m_Pivot.x
      value: 0.5
      objectReference: {fileID: 0}
    - target: {fileID: 6957329921344521134, guid: d27b89f24d91ca44e8c6f5df4dc04983,
        type: 3}
      propertyPath: m_Pivot.y
      value: 0.5
      objectReference: {fileID: 0}
    m_RemovedComponents: []
  m_SourcePrefab: {fileID: 100100000, guid: d27b89f24d91ca44e8c6f5df4dc04983, type: 3}
--- !u!224 &2009918742 stripped
RectTransform:
  m_CorrespondingSourceObject: {fileID: 6957329921344521134, guid: d27b89f24d91ca44e8c6f5df4dc04983,
    type: 3}
  m_PrefabInstance: {fileID: 2009918741}
  m_PrefabAsset: {fileID: 0}
--- !u!114 &2009918743 stripped
MonoBehaviour:
  m_CorrespondingSourceObject: {fileID: 841435912025000790, guid: d27b89f24d91ca44e8c6f5df4dc04983,
    type: 3}
  m_PrefabInstance: {fileID: 2009918741}
  m_PrefabAsset: {fileID: 0}
  m_GameObject: {fileID: 0}
  m_Enabled: 1
  m_EditorHideFlags: 0
  m_Script: {fileID: 11500000, guid: 7ac163ffad522784fab74b7e1bdc075a, type: 3}
  m_Name: 
  m_EditorClassIdentifier: 
--- !u!1001 &1593327486673117047
PrefabInstance:
  m_ObjectHideFlags: 0
  serializedVersion: 2
  m_Modification:
    m_TransformParent: {fileID: 1083015877}
    m_Modifications:
    - target: {fileID: 1593327485808232610, guid: 72521da37878d5340bed1c9d81db54bc,
        type: 3}
      propertyPath: m_OnClick.m_PersistentCalls.m_Calls.Array.size
      value: 1
      objectReference: {fileID: 0}
    - target: {fileID: 1593327485808232610, guid: 72521da37878d5340bed1c9d81db54bc,
        type: 3}
      propertyPath: m_OnClick.m_PersistentCalls.m_Calls.Array.data[0].m_Mode
      value: 1
      objectReference: {fileID: 0}
    - target: {fileID: 1593327485808232610, guid: 72521da37878d5340bed1c9d81db54bc,
        type: 3}
      propertyPath: m_OnClick.m_PersistentCalls.m_Calls.Array.data[0].m_CallState
      value: 2
      objectReference: {fileID: 0}
    - target: {fileID: 1593327485808232610, guid: 72521da37878d5340bed1c9d81db54bc,
        type: 3}
      propertyPath: m_OnClick.m_PersistentCalls.m_Calls.Array.data[0].m_Target
      value: 
      objectReference: {fileID: 1663439593}
    - target: {fileID: 1593327485808232610, guid: 72521da37878d5340bed1c9d81db54bc,
        type: 3}
      propertyPath: m_OnClick.m_PersistentCalls.m_Calls.Array.data[0].m_MethodName
      value: BackClick
      objectReference: {fileID: 0}
    - target: {fileID: 1593327485808232610, guid: 72521da37878d5340bed1c9d81db54bc,
        type: 3}
      propertyPath: m_OnClick.m_PersistentCalls.m_Calls.Array.data[0].m_Arguments.m_ObjectArgumentAssemblyTypeName
      value: UnityEngine.Object, UnityEngine
      objectReference: {fileID: 0}
    - target: {fileID: 1593327485808232611, guid: 72521da37878d5340bed1c9d81db54bc,
        type: 3}
      propertyPath: m_LocalPosition.x
      value: 0
      objectReference: {fileID: 0}
    - target: {fileID: 1593327485808232611, guid: 72521da37878d5340bed1c9d81db54bc,
        type: 3}
      propertyPath: m_LocalPosition.y
      value: 0
      objectReference: {fileID: 0}
    - target: {fileID: 1593327485808232611, guid: 72521da37878d5340bed1c9d81db54bc,
        type: 3}
      propertyPath: m_LocalPosition.z
      value: 0
      objectReference: {fileID: 0}
    - target: {fileID: 1593327485808232611, guid: 72521da37878d5340bed1c9d81db54bc,
        type: 3}
      propertyPath: m_LocalRotation.x
      value: 0
      objectReference: {fileID: 0}
    - target: {fileID: 1593327485808232611, guid: 72521da37878d5340bed1c9d81db54bc,
        type: 3}
      propertyPath: m_LocalRotation.y
      value: 0
      objectReference: {fileID: 0}
    - target: {fileID: 1593327485808232611, guid: 72521da37878d5340bed1c9d81db54bc,
        type: 3}
      propertyPath: m_LocalRotation.z
      value: 0
      objectReference: {fileID: 0}
    - target: {fileID: 1593327485808232611, guid: 72521da37878d5340bed1c9d81db54bc,
        type: 3}
      propertyPath: m_LocalRotation.w
      value: 1
      objectReference: {fileID: 0}
    - target: {fileID: 1593327485808232611, guid: 72521da37878d5340bed1c9d81db54bc,
        type: 3}
      propertyPath: m_RootOrder
      value: 3
      objectReference: {fileID: 0}
    - target: {fileID: 1593327485808232611, guid: 72521da37878d5340bed1c9d81db54bc,
        type: 3}
      propertyPath: m_LocalEulerAnglesHint.x
      value: 0
      objectReference: {fileID: 0}
    - target: {fileID: 1593327485808232611, guid: 72521da37878d5340bed1c9d81db54bc,
        type: 3}
      propertyPath: m_LocalEulerAnglesHint.y
      value: 0
      objectReference: {fileID: 0}
    - target: {fileID: 1593327485808232611, guid: 72521da37878d5340bed1c9d81db54bc,
        type: 3}
      propertyPath: m_LocalEulerAnglesHint.z
      value: 0
      objectReference: {fileID: 0}
    - target: {fileID: 1593327485808232611, guid: 72521da37878d5340bed1c9d81db54bc,
        type: 3}
      propertyPath: m_AnchoredPosition.x
      value: 52
      objectReference: {fileID: 0}
    - target: {fileID: 1593327485808232611, guid: 72521da37878d5340bed1c9d81db54bc,
        type: 3}
      propertyPath: m_AnchoredPosition.y
      value: 50
      objectReference: {fileID: 0}
    - target: {fileID: 1593327485808232611, guid: 72521da37878d5340bed1c9d81db54bc,
        type: 3}
      propertyPath: m_SizeDelta.x
      value: 59
      objectReference: {fileID: 0}
    - target: {fileID: 1593327485808232611, guid: 72521da37878d5340bed1c9d81db54bc,
        type: 3}
      propertyPath: m_SizeDelta.y
      value: 59
      objectReference: {fileID: 0}
    - target: {fileID: 1593327485808232611, guid: 72521da37878d5340bed1c9d81db54bc,
        type: 3}
      propertyPath: m_AnchorMin.x
      value: 0
      objectReference: {fileID: 0}
    - target: {fileID: 1593327485808232611, guid: 72521da37878d5340bed1c9d81db54bc,
        type: 3}
      propertyPath: m_AnchorMin.y
      value: 0
      objectReference: {fileID: 0}
    - target: {fileID: 1593327485808232611, guid: 72521da37878d5340bed1c9d81db54bc,
        type: 3}
      propertyPath: m_AnchorMax.x
      value: 0
      objectReference: {fileID: 0}
    - target: {fileID: 1593327485808232611, guid: 72521da37878d5340bed1c9d81db54bc,
        type: 3}
      propertyPath: m_AnchorMax.y
      value: 0
      objectReference: {fileID: 0}
    - target: {fileID: 1593327485808232611, guid: 72521da37878d5340bed1c9d81db54bc,
        type: 3}
      propertyPath: m_Pivot.x
      value: 0.5
      objectReference: {fileID: 0}
    - target: {fileID: 1593327485808232611, guid: 72521da37878d5340bed1c9d81db54bc,
        type: 3}
      propertyPath: m_Pivot.y
      value: 0.5
      objectReference: {fileID: 0}
    - target: {fileID: 1593327485808232612, guid: 72521da37878d5340bed1c9d81db54bc,
        type: 3}
      propertyPath: m_Name
      value: Back
      objectReference: {fileID: 0}
    - target: {fileID: 7122207326166138725, guid: 72521da37878d5340bed1c9d81db54bc,
        type: 3}
      propertyPath: onAction.m_PersistentCalls.m_Calls.Array.size
      value: 1
      objectReference: {fileID: 0}
    - target: {fileID: 7122207326166138725, guid: 72521da37878d5340bed1c9d81db54bc,
        type: 3}
      propertyPath: right
      value: 
      objectReference: {fileID: 1598085477}
    - target: {fileID: 7122207326166138725, guid: 72521da37878d5340bed1c9d81db54bc,
        type: 3}
      propertyPath: onAction.m_PersistentCalls.m_Calls.Array.data[0].m_Mode
      value: 1
      objectReference: {fileID: 0}
    - target: {fileID: 7122207326166138725, guid: 72521da37878d5340bed1c9d81db54bc,
        type: 3}
      propertyPath: onAction.m_PersistentCalls.m_Calls.Array.data[0].m_CallState
      value: 2
      objectReference: {fileID: 0}
    - target: {fileID: 7122207326166138725, guid: 72521da37878d5340bed1c9d81db54bc,
        type: 3}
      propertyPath: onAction.m_PersistentCalls.m_Calls.Array.data[0].m_Target
      value: 
      objectReference: {fileID: 1663439593}
    - target: {fileID: 7122207326166138725, guid: 72521da37878d5340bed1c9d81db54bc,
        type: 3}
      propertyPath: onAction.m_PersistentCalls.m_Calls.Array.data[0].m_MethodName
      value: BackClick
      objectReference: {fileID: 0}
    - target: {fileID: 7122207326166138725, guid: 72521da37878d5340bed1c9d81db54bc,
        type: 3}
      propertyPath: onAction.m_PersistentCalls.m_Calls.Array.data[0].m_Arguments.m_ObjectArgumentAssemblyTypeName
      value: UnityEngine.Object, UnityEngine
      objectReference: {fileID: 0}
    - target: {fileID: 7122207326166138725, guid: 72521da37878d5340bed1c9d81db54bc,
        type: 3}
      propertyPath: selectController
      value: 
      objectReference: {fileID: 401411624}
    m_RemovedComponents: []
  m_SourcePrefab: {fileID: 100100000, guid: 72521da37878d5340bed1c9d81db54bc, type: 3}
--- !u!1001 &2686973202053619037
PrefabInstance:
  m_ObjectHideFlags: 0
  serializedVersion: 2
  m_Modification:
    m_TransformParent: {fileID: 1083015877}
    m_Modifications:
    - target: {fileID: 928707797201618413, guid: 32940b076e9add341a7132e174139f6c,
        type: 3}
      propertyPath: onAction.m_PersistentCalls.m_Calls.Array.size
      value: 1
      objectReference: {fileID: 0}
    - target: {fileID: 928707797201618413, guid: 32940b076e9add341a7132e174139f6c,
        type: 3}
      propertyPath: left
      value: 
      objectReference: {fileID: 1156387498}
    - target: {fileID: 928707797201618413, guid: 32940b076e9add341a7132e174139f6c,
        type: 3}
      propertyPath: onAction.m_PersistentCalls.m_Calls.Array.data[0].m_Mode
      value: 1
      objectReference: {fileID: 0}
    - target: {fileID: 928707797201618413, guid: 32940b076e9add341a7132e174139f6c,
        type: 3}
      propertyPath: onAction.m_PersistentCalls.m_Calls.Array.data[0].m_CallState
      value: 2
      objectReference: {fileID: 0}
    - target: {fileID: 928707797201618413, guid: 32940b076e9add341a7132e174139f6c,
        type: 3}
      propertyPath: onAction.m_PersistentCalls.m_Calls.Array.data[0].m_Target
      value: 
      objectReference: {fileID: 1663439593}
    - target: {fileID: 928707797201618413, guid: 32940b076e9add341a7132e174139f6c,
        type: 3}
      propertyPath: onAction.m_PersistentCalls.m_Calls.Array.data[0].m_MethodName
      value: RaceAgainClick
      objectReference: {fileID: 0}
    - target: {fileID: 928707797201618413, guid: 32940b076e9add341a7132e174139f6c,
        type: 3}
      propertyPath: onAction.m_PersistentCalls.m_Calls.Array.data[0].m_Arguments.m_ObjectArgumentAssemblyTypeName
      value: UnityEngine.Object, UnityEngine
      objectReference: {fileID: 0}
    - target: {fileID: 928707797201618413, guid: 32940b076e9add341a7132e174139f6c,
        type: 3}
      propertyPath: selectController
      value: 
      objectReference: {fileID: 401411624}
    - target: {fileID: 2686973203059639052, guid: 32940b076e9add341a7132e174139f6c,
        type: 3}
      propertyPath: m_sharedMaterial
      value: 
      objectReference: {fileID: 2100000, guid: 984657490584a0e4db37c3253ff8de5e, type: 2}
    - target: {fileID: 2686973203059639052, guid: 32940b076e9add341a7132e174139f6c,
        type: 3}
      propertyPath: m_fontAsset
      value: 
      objectReference: {fileID: 11400000, guid: 6b5c094fd2812e24ea085629e38a3fa8,
        type: 2}
    - target: {fileID: 2686973203617113228, guid: 32940b076e9add341a7132e174139f6c,
        type: 3}
      propertyPath: m_LocalPosition.x
      value: 0
      objectReference: {fileID: 0}
    - target: {fileID: 2686973203617113228, guid: 32940b076e9add341a7132e174139f6c,
        type: 3}
      propertyPath: m_LocalPosition.y
      value: 0
      objectReference: {fileID: 0}
    - target: {fileID: 2686973203617113228, guid: 32940b076e9add341a7132e174139f6c,
        type: 3}
      propertyPath: m_LocalPosition.z
      value: 0
      objectReference: {fileID: 0}
    - target: {fileID: 2686973203617113228, guid: 32940b076e9add341a7132e174139f6c,
        type: 3}
      propertyPath: m_LocalRotation.x
      value: 0
      objectReference: {fileID: 0}
    - target: {fileID: 2686973203617113228, guid: 32940b076e9add341a7132e174139f6c,
        type: 3}
      propertyPath: m_LocalRotation.y
      value: 0
      objectReference: {fileID: 0}
    - target: {fileID: 2686973203617113228, guid: 32940b076e9add341a7132e174139f6c,
        type: 3}
      propertyPath: m_LocalRotation.z
      value: 0
      objectReference: {fileID: 0}
    - target: {fileID: 2686973203617113228, guid: 32940b076e9add341a7132e174139f6c,
        type: 3}
      propertyPath: m_LocalRotation.w
      value: 1
      objectReference: {fileID: 0}
    - target: {fileID: 2686973203617113228, guid: 32940b076e9add341a7132e174139f6c,
        type: 3}
      propertyPath: m_RootOrder
      value: 1
      objectReference: {fileID: 0}
    - target: {fileID: 2686973203617113228, guid: 32940b076e9add341a7132e174139f6c,
        type: 3}
      propertyPath: m_LocalEulerAnglesHint.x
      value: 0
      objectReference: {fileID: 0}
    - target: {fileID: 2686973203617113228, guid: 32940b076e9add341a7132e174139f6c,
        type: 3}
      propertyPath: m_LocalEulerAnglesHint.y
      value: 0
      objectReference: {fileID: 0}
    - target: {fileID: 2686973203617113228, guid: 32940b076e9add341a7132e174139f6c,
        type: 3}
      propertyPath: m_LocalEulerAnglesHint.z
      value: 0
      objectReference: {fileID: 0}
    - target: {fileID: 2686973203617113228, guid: 32940b076e9add341a7132e174139f6c,
        type: 3}
      propertyPath: m_AnchoredPosition.x
      value: 0
      objectReference: {fileID: 0}
    - target: {fileID: 2686973203617113228, guid: 32940b076e9add341a7132e174139f6c,
        type: 3}
      propertyPath: m_AnchoredPosition.y
      value: 50
      objectReference: {fileID: 0}
    - target: {fileID: 2686973203617113228, guid: 32940b076e9add341a7132e174139f6c,
        type: 3}
      propertyPath: m_SizeDelta.x
      value: 322.07
      objectReference: {fileID: 0}
    - target: {fileID: 2686973203617113228, guid: 32940b076e9add341a7132e174139f6c,
        type: 3}
      propertyPath: m_SizeDelta.y
      value: 59
      objectReference: {fileID: 0}
    - target: {fileID: 2686973203617113228, guid: 32940b076e9add341a7132e174139f6c,
        type: 3}
      propertyPath: m_AnchorMin.x
      value: 0.5
      objectReference: {fileID: 0}
    - target: {fileID: 2686973203617113228, guid: 32940b076e9add341a7132e174139f6c,
        type: 3}
      propertyPath: m_AnchorMin.y
      value: 0
      objectReference: {fileID: 0}
    - target: {fileID: 2686973203617113228, guid: 32940b076e9add341a7132e174139f6c,
        type: 3}
      propertyPath: m_AnchorMax.x
      value: 0.5
      objectReference: {fileID: 0}
    - target: {fileID: 2686973203617113228, guid: 32940b076e9add341a7132e174139f6c,
        type: 3}
      propertyPath: m_AnchorMax.y
      value: 0
      objectReference: {fileID: 0}
    - target: {fileID: 2686973203617113228, guid: 32940b076e9add341a7132e174139f6c,
        type: 3}
      propertyPath: m_Pivot.x
      value: 0.5
      objectReference: {fileID: 0}
    - target: {fileID: 2686973203617113228, guid: 32940b076e9add341a7132e174139f6c,
        type: 3}
      propertyPath: m_Pivot.y
      value: 0.5
      objectReference: {fileID: 0}
    - target: {fileID: 2686973203617113229, guid: 32940b076e9add341a7132e174139f6c,
        type: 3}
      propertyPath: m_Name
      value: Play
      objectReference: {fileID: 0}
    - target: {fileID: 2686973203617113231, guid: 32940b076e9add341a7132e174139f6c,
        type: 3}
      propertyPath: m_OnClick.m_PersistentCalls.m_Calls.Array.data[0].m_Target
      value: 
      objectReference: {fileID: 1663439593}
    - target: {fileID: 2686973203617113231, guid: 32940b076e9add341a7132e174139f6c,
        type: 3}
      propertyPath: m_OnClick.m_PersistentCalls.m_Calls.Array.data[0].m_MethodName
      value: RaceAgainClick
      objectReference: {fileID: 0}
    m_RemovedComponents:
    - {fileID: 2686973203617113224, guid: 32940b076e9add341a7132e174139f6c, type: 3}
  m_SourcePrefab: {fileID: 100100000, guid: 32940b076e9add341a7132e174139f6c, type: 3}
